<?xml version="1.0" encoding="UTF-8"?>
<SOAP-ENV:Envelope xmlns:SOAP-ENV="http://schemas.xmlsoap.org/soap/envelope/" xmlns:mx="http://www.loc.gov/MARC21/slim" xmlns:of="http://oss.dbc.dk/ns/openformat"><SOAP-ENV:Body><of:formatResponse><marc21><mx:record format="MARC21" type="Bibliographic"><mx:leader>00000cas a22000004c 4500</mx:leader><mx:controlfield tag="001">474587316</mx:controlfield><mx:controlfield tag="008">041110cuuuu9999dk ||  |      0|||||dan|d</mx:controlfield><mx:datafield ind1=" " ind2=" " tag="022"><mx:subfield code="a">1903-5802</mx:subfield></mx:datafield><mx:datafield ind1="1" ind2=" " tag="029"><mx:subfield code="a">DKDLA</mx:subfield><mx:subfield code="b">820010-katalog:2671769</mx:subfield></mx:datafield><mx:datafield ind1=" " ind2=" " tag="040"><mx:subfield code="a">DKDLA</mx:subfield><mx:subfield code="b">dan</mx:subfield><mx:subfield code="c">DKDLA</mx:subfield></mx:datafield><mx:datafield ind1=" " ind2=" " tag="049"><mx:subfield code="a">DK-190101</mx:subfield><mx:subfield code="a">DK-820010</mx:subfield></mx:datafield><mx:datafield ind1="0" ind2="0" tag="245"><mx:subfield code="a">Årsberetning /</mx:subfield><mx:subfield code="c">Nordjyllands Historiske Museum</mx:subfield></mx:datafield><mx:datafield ind1=" " ind2=" " tag="260"><mx:subfield code="a">Aalborg</mx:subfield></mx:datafield><mx:datafield ind1="0" ind2=" " tag="740"><mx:subfield code="a">Årsberetning</mx:subfield></mx:datafield><mx:datafield ind1="0" ind2="8" tag="776"><mx:subfield code="i">Også på internettet</mx:subfield><mx:subfield code="t">Årsberetning</mx:subfield><mx:subfield code="c">Nordjyllands Historiske Museum</mx:subfield><mx:subfield code="g">1903-5810</mx:subfield></mx:datafield><mx:datafield ind1="0" ind2="0" tag="785"><mx:subfield code="t">Årbog</mx:subfield><mx:subfield code="c">Nordjyllands Historiske Museum</mx:subfield><mx:subfield code="x">2245-0084</mx:subfield></mx:datafield></mx:record><hs activity="insert">DKDLA</hs><hs activity="insert">EDA</hs><lhrBase64>MDAxODRueSAgIDIyMDAwODUzaSA0NTAgMDAxMDAyMzAwMDAwMDA3MDAwNzAwMDIzMDA4MDAzMzAwMDMwMDM1MDAyMTAwMDYzODUyMDAxNDAwMDg0HjgyMDAxMC1rYXRhbG9nOjI2NzE3NjkedGF8fHx8HjAwMDAwMDB1ICAgIDggICAwMDAxY2FkYW4wMTMxMTE0HiAgH2EoT0NvTEMpNDc0NTg3MzE2HiAgH2FESy0xMjUwNTAeHQ==</lhrBase64></marc21></of:formatResponse></SOAP-ENV:Body></SOAP-ENV:Envelope>
